<?xml version="1.0" encoding="UTF-8"?><collection xmlns="http://www.loc.gov/MARC21/slim"><record><leader>00423nam--2200133-i-4500</leader><controlfield tag="001">000001116</controlfield><controlfield tag="002">20161230</controlfield><controlfield tag="005">20161230201024</controlfield><controlfield tag="008">060222s1000------------r-----000-0-eng-d</controlfield><datafield ind1=" " ind2=" " tag="080"><subfield code="a">5(498) 14-18 ,62(498) 14-18</subfield></datafield><datafield ind1=" " ind2=" " tag="100"><subfield code="a">Giurescu, Constantin C</subfield></datafield><datafield ind1=" " ind2=" " tag="245"><subfield code="a">Contributii la istoria stiintei si tehnicii romanesti in secolele xv-inceputul secolului xix</subfield></datafield><datafield ind1=" " ind2=" " tag="260"><subfield code="a">Bucuresti, Editura Stiintifica, 1973. 265 P</subfield></datafield><datafield ind1=" " ind2=" " tag="852"><subfield code="a">39880</subfield></datafield></record></collection>